@online{example,
    url={http://www.example.com},
    title={Example Website},
    author={Example},
    year={2023},
}
